@article{David:2015eya,
      author         = "Daverio, David and Hindmarsh, Mark and Bevis, Neil",
      title          = "{Latfield2: A c++ library for classical lattice field
                        theory}",
      year           = "2015",
      eprint         = "1508.05610",
      archivePrefix  = "arXiv",
      primaryClass   = "physics.comp-ph",
      SLACcitation   = "%%CITATION = ARXIV:1508.05610;%%",
      url            = "http://latfield.org"
}

@article{Adamek:2016zes,
      author         = "Adamek, Julian and Daverio, David and Durrer, Ruth and
                        Kunz, Martin",
      title          = "{gevolution: a cosmological N-body code based on General
                        Relativity}",
      journal        = "JCAP",
      volume         = "1607",
      year           = "2016",
      number         = "07",
      pages          = "053",
      doi            = "10.1088/1475-7516/2016/07/053",
      eprint         = "1604.06065",
      archivePrefix  = "arXiv",
      primaryClass   = "astro-ph.CO",
      SLACcitation   = "%%CITATION = ARXIV:1604.06065;%%"
}

@article{Springel:2005mi,
      author         = "Springel, Volker",
      title          = "{The Cosmological simulation code GADGET-2}",
      journal        = "Mon. Not. Roy. Astron. Soc.",
      volume         = "364",
      year           = "2005",
      pages          = "1105-1134",
      doi            = "10.1111/j.1365-2966.2005.09655.x",
      eprint         = "astro-ph/0505010",
      archivePrefix  = "arXiv",
      primaryClass   = "astro-ph",
      SLACcitation   = "%%CITATION = ASTRO-PH/0505010;%%"
}

@article{Springel:2000yr,
      author         = "Springel, Volker and Yoshida, Naoki and White, Simon D.
                        M.",
      title          = "{GADGET: A Code for collisionless and gasdynamical
                        cosmological simulations}",
      journal        = "New Astron.",
      volume         = "6",
      year           = "2001",
      pages          = "79",
      doi            = "10.1016/S1384-1076(01)00042-2",
      eprint         = "astro-ph/0003162",
      archivePrefix  = "arXiv",
      primaryClass   = "astro-ph",
      SLACcitation   = "%%CITATION = ASTRO-PH/0003162;%%"
}

@article{Teyssier:2001cp,
      author         = "Teyssier, Romain",
      title          = "{Cosmological hydrodynamics with adaptive mesh
                        refinement: a new high resolution code called ramses}",
      journal        = "Astron. Astrophys.",
      volume         = "385",
      year           = "2002",
      pages          = "337-364",
      doi            = "10.1051/0004-6361:20011817",
      eprint         = "astro-ph/0111367",
      archivePrefix  = "arXiv",
      primaryClass   = "astro-ph",
      SLACcitation   = "%%CITATION = ASTRO-PH/0111367;%%"
}

@article{Blas:2011rf,
      author         = "Blas, Diego and Lesgourgues, Julien and Tram, Thomas",
      title          = "{The Cosmic Linear Anisotropy Solving System (CLASS) II:
                        Approximation schemes}",
      journal        = "JCAP",
      volume         = "1107",
      year           = "2011",
      pages          = "034",
      doi            = "10.1088/1475-7516/2011/07/034",
      eprint         = "1104.2933",
      archivePrefix  = "arXiv",
      primaryClass   = "astro-ph.CO",
      reportNumber   = "CERN-PH-TH-2011-082, LAPTH-010-11",
      SLACcitation   = "%%CITATION = ARXIV:1104.2933;%%"
}

@article{Adamek:2015eda,
      author         = "Adamek, Julian and Daverio, David and Durrer, Ruth and
                        Kunz, Martin",
      title          = "{General relativity and cosmic structure formation}",
      journal        = "Nature Phys.",
      volume         = "12",
      year           = "2016",
      pages          = "346-349",
      doi            = "10.1038/nphys3673",
      eprint         = "1509.01699",
      archivePrefix  = "arXiv",
      primaryClass   = "astro-ph.CO",
      SLACcitation   = "%%CITATION = ARXIV:1509.01699;%%"
}

@article{Bernardeau:2001qr,
      author         = "Bernardeau, F. and Colombi, S. and Gazta{\~n}aga, E. and
                        Scoccimarro, R.",
      title          = "{Large scale structure of the universe and cosmological
                        perturbation theory}",
      journal        = "Phys. Rept.",
      volume         = "367",
      year           = "2002",
      pages          = "1-248",
      doi            = "10.1016/S0370-1573(02)00135-7",
      eprint         = "astro-ph/0112551",
      archivePrefix  = "arXiv",
      primaryClass   = "astro-ph",
      reportNumber   = "SACLAY-T01-142",
      SLACcitation   = "%%CITATION = ASTRO-PH/0112551;%%"
}

@article{Valkenburg:2015dsa,
      author         = "Valkenburg, Wessel and Hu, Bin",
      title          = "{Initial conditions for cosmological N-body simulations
                        of the scalar sector of theories of Newtonian,
                        Relativistic and Modified Gravity}",
      journal        = "JCAP",
      volume         = "1509",
      year           = "2015",
      number         = "09",
      pages          = "054",
      doi            = "10.1088/1475-7516/2015/09/054",
      eprint         = "1505.05865",
      archivePrefix  = "arXiv",
      primaryClass   = "astro-ph.CO",
      SLACcitation   = "%%CITATION = ARXIV:1505.05865;%%",
      url = "http://falconb.org./"
}

@article{Ma:1993xs,
      author         = "Ma, Chung-Pei and Bertschinger, Edmund",
      title          = "{A Calculation of the full neutrino phase space in cold +
                        hot dark matter models}",
      journal        = "Astrophys. J.",
      volume         = "429",
      year           = "1994",
      pages          = "22",
      doi            = "10.1086/174298",
      eprint         = "astro-ph/9308006",
      archivePrefix  = "arXiv",
      primaryClass   = "astro-ph",
      reportNumber   = "MIT-CSR-93-14, MIT-CTP-2229",
      SLACcitation   = "%%CITATION = ASTRO-PH/9308006;%%"
}

@article{Brandbyge:2008js,
      author         = "Brandbyge, Jacob and Hannestad, Steen",
      title          = "{Grid Based Linear Neutrino Perturbations in Cosmological
                        N-body Simulations}",
      journal        = "JCAP",
      volume         = "0905",
      year           = "2009",
      pages          = "002",
      doi            = "10.1088/1475-7516/2009/05/002",
      eprint         = "0812.3149",
      archivePrefix  = "arXiv",
      primaryClass   = "astro-ph",
      SLACcitation   = "%%CITATION = ARXIV:0812.3149;%%"
}

@article{Fidler:2015npa,
      author         = "Fidler, Christian and Rampf, Cornelius and Tram, Thomas
                        and Crittenden, Robert and Koyama, Kazuya and Wands,
                        David",
      title          = "{General relativistic corrections to $N$-body simulations
                        and the Zel'dovich approximation}",
      journal        = "Phys. Rev.",
      volume         = "D92",
      year           = "2015",
      number         = "12",
      pages          = "123517",
      doi            = "10.1103/PhysRevD.92.123517",
      eprint         = "1505.04756",
      archivePrefix  = "arXiv",
      primaryClass   = "astro-ph.CO",
      SLACcitation   = "%%CITATION = ARXIV:1505.04756;%%"
}

@article{Adamek:2017xxx,
      author         = "Adamek, Julian and Brandbyge, Jacob and Fidler, Christian
                        and Hannestad, Steen and Rampf, Cornelius and Tram, Thomas",
      title          = "{The effect of early radiation in N-body simulations of
                        cosmic structure formation}",
      journal        = "in preparation"
}
